@inproceedings{multi_class_review,
    author = {Alsafy, Baidaa and Mosad, Zahoor and Mutlag, Wamidh},
    year = {2020},
    month = {12},
    pages = {},
    title = {Multiclass Classification Methods: A Review}
}
@article{kirzhnits:UFN:1975,
	author = {Д. А. Киржниц and Ю. Е. Лозовик and Г. В. Шпатаковская},
	title = {Статистическая модель вещества},
	publisher = {Успехи физических наук},
	year = {1975},
	journal = {Усп. физ. наук},
	volume = {117},
	number = {9},
	pages = {3-47},
	doi = {10.3367/UFNr.0117.197509a.0003}
}

@article{Fermi:ZP:1926,
  title={Zur Quantelung des idealen einatomigen Gases},
  author={Fermi, Enrico},
  journal={Zeitschrift f{\"u}r Physik},
  volume={36},
  number={11-12},
  pages={902--912},
  year={1926},
  publisher={Springer}
}

@article{Dirac:PRSL:1926,
  title={On the theory of quantum mechanics},
  author={Dirac, Paul Adrien Maurice},
  journal={Proceedings of the Royal Society of London. Series A, Containing Papers of a Mathematical and Physical Character},
  volume={112},
  number={762},
  pages={661--677},
  year={1926},
  publisher={The Royal Society London}
}

@article{Pauli:ZP:1925,
  title={On the connexion between the completion of electron groups in an atom with the complex structure of spectra},
  author={Pauli, Wolfgang},
  journal={Zeitschrift f{\"u}r Physik},
  volume={31},
  pages={765},
  year={1925}
}

@article{Pauli:PR:1940,
  title={The connection between spin and statistics},
  author={Pauli, Wolfgang},
  journal={Physical Review},
  volume={58},
  number={8},
  pages={716},
  year={1940},
  publisher={APS}
}


@book{Eliezer:EOSbook:2002,
  title={Fundamentals of equations of state},
  author={Eliezer, Shalom and Ghatak, Ajoy K and Hora, Heinrich},
  year={2002},
  publisher={World Scientific}
}

@book{Fortov:EOSbook:2016,
  title={Thermodynamics and equations of state for Matter: from ideal gas to quark-gluon plasma},
  author={Fortov, Vladimir},
  year={2016},
  publisher={World Scientific}
}

@article{Nellis:JAP:2003,
  title={Shock compression of a free-electron gas},
  author={Nellis, WJ},
  journal={Journal of applied physics},
  volume={94},
  number={1},
  pages={272--275},
  year={2003},
  publisher={American Institute of Physics}
}

% Optional fields: volume/number, series, address, edition, month, note
@BOOK{Balescu:book:1975,
  author = {Balescu, R.},
  title = {Equilibrium and Nonequilibrium Statistical Mechanics},
  publisher = {John Wiley \& Sons},
  address = {Chichester, New York, Sydney, Toronto},
  year = {1975}
}

@book{Landau:statmech:1958,
  author = {Ландау, Л. Д. and Лифшиц, Е. М.},
  title = {Теоретическая физика. Статистическая физика.},
  publisher = {Физматлит},
  address = {Москва},
  year = {2018},
  volume = {5},
  part = {1},
  pages = {616},
  language = {russian}
}

@book{Fortov:neid_plasma,
  author = {Фортов, В. Е. and Храпак, А. Г. and Якубов, И. Т.},
  title = {Физика неидеальной плазмы. Учебное пособие},
  publisher = {Физматлит},
  address = {Москва},
  year = {2004},
  pages = {528},
  language = {russian},
  isbn = {5-9221-0173-0}
}

@article{Slattery:u_corr_approximation,
  title = {Improved equation of state for the classical one-component plasma},
  author = {Slattery, W. L. and Doolen, G. D. and DeWitt, H. E.},
  journal = {Phys. Rev. A},
  volume = {21},
  issue = {6},
  pages = {2087--2095},
  numpages = {0},
  year = {1980},
  month = jun,
  publisher = {American Physical Society},
  doi = {10.1103/PhysRevA.21.2087}
}

@article{Wigner:plasma_condensation,
  title = {On the Interaction of Electrons in Metals},
  author = {Wigner, E.},
  journal = {Phys. Rev.},
  volume = {46},
  issue = {11},
  pages = {1002--1011},
  numpages = {0},
  year = {1934},
  month = dec,
  publisher = {American Physical Society},
  doi = {10.1103/PhysRev.46.1002}
}

% Optional fields: volume/number, series, address, edition, month, note
@BOOK{Huang:book:1987,
  author = {Huang, K.},
  title = {Statistical Mechanics},
  publisher = {John Wiley \& Sons},
  address = {New York, Chichester, Brisbane, Toronto, Singapore},
  year = {1987}
}

@article{Fukushima:AMC:2015,
  title={Precise and fast computation of Fermi--Dirac integral of integer and half integer order by piecewise minimax rational approximation},
  author={Fukushima, Toshio},
  journal={Applied Mathematics and Computation},
  volume={259},
  pages={708--729},
  year={2015},
  publisher={Elsevier}
}

% Optional fields: author, title, howpublished, month, year, note
@MISC{ifgpy,
  title={IFG module},
  url={https://pypi.org/project/ifg}
}

@MISC{fdint,
  title={fdint library},
  url={https://pypi.org/project/fdint}
}

@article{Shemyakin:JPA:2010,
  title={Thermal contribution to thermodynamic functions in the Thomas--Fermi model},
  author={Shemyakin, OP and Levashov, PR and Obruchkova, LR and Khishchenko, KV},
  journal={Journal of Physics A: Mathematical and Theoretical},
  volume={43},
  number={33},
  pages={335003},
  year={2010},
  publisher={IOP Publishing}
}

@article{MacIver2019Hypothesis,
  journal = {Journal of Open Source Software},
  doi = {10.21105/joss.01891},
  issn = {2475-9066},
  number = {43},
  publisher = {The Open Journal},
  title = {Hypothesis: A new approach to property-based testing},
  volume = {4},
  author = {MacIver, David and Hatfield-Dodds, Zac and Contributors, Many},
  pages = {1891},
  date = {2019-11-21},
  year = {2019},
  month = {11},
  day = {21},
}

@article{ewald:summation_original,
  author       = {Ewald, P. P.},
  title        = {{Die Berechnung optischer und elektrostatischer
                   Gitterpotentiale}},
  month        = jan,
  year         = 1921,
  publisher    = {Zenodo},
  doi          = {10.1002/andp.19213690304}
}

@article{ewald:errors_study,
    author = {Jiri Kolafa and John W. Perram},
    title = {Cutoff Errors in the Ewald Summation Formulae for Point Charge Systems},
    journal = {Molecular Simulation},
    volume = {9},
    number = {5},
    pages = {351-368},
    year  = {1992},
    publisher = {Taylor & Francis},
    doi = {10.1080/08927029208049126}
}

@book{jel:mahan_hamiltonian,
  added-at = {2008-06-25T19:30:29.000+0200},
  address = {New York},
  annote = {Referencia general, ferro-AF Hubbard},
  author = {Mahan, G. D.},
  biburl = {https://www.bibsonomy.org/bibtex/2df4a0c96da39caf80fc11bada5fa5e9c/jgl},
  citeulike-article-id = {2484412},
  comment = {Referencia general, ferro-AF Hubbard},
  interhash = {aac4b1c944c529b6289a3e35a64e6e55},
  intrahash = {df4a0c96da39caf80fc11bada5fa5e9c},
  keywords = {high-tc, htsct, theory},
  posted-at = {2008-03-07 13:36:33},
  priority = {2},
  publisher = {Plenum},
  timestamp = {2008-06-25T19:31:23.000+0200},
  title = {Many Particle Physics, Third Edition},
  year = 2000
}

@article{jel:blinov,
    author = {Блинов, В. Н.},
    title = {Дальнодействующие взаимодействия в компьютерном моделировании систем в конденсированном состоянии},
    journal = {Наноструктуры. Математическая физика и моделирование},
    year = {2014},
    volume = {10},
    number = {1},
    pages = {5-27},
    udk = {538.9, 519.245},
    email = {blinov.veniamin@gmail.com}
}

@article{jel:pre-averaged_summation,
    author = {Yakub,Eugene  and Ronchi,Claudio },
    title = {An efficient method for computation of long-ranged Coulomb forces in computer simulation of ionic fluids},
    journal = {The Journal of Chemical Physics},
    volume = {119},
    number = {22},
    pages = {11556-11560},
    year = {2003},
    doi = {10.1063/1.1624364}
}
@book{rapaport:terms_cutoff,
    place={Cambridge},
    edition={2},
    title={The Art of Molecular Dynamics Simulation},
    DOI={10.1017/CBO9780511816581},
    publisher={Cambridge University Press},
    author={Rapaport, D. C.},
    year={2004}
}
@article{hohenberg:dft,
  title = {Inhomogeneous Electron Gas},
  author = {Hohenberg, P. and Kohn, W.},
  journal = {Phys. Rev.},
  volume = {136},
  issue = {3B},
  pages = {B864--B871},
  numpages = {0},
  year = {1964},
  month = {Nov},
  publisher = {American Physical Society},
  doi = {10.1103/PhysRev.136.B864},
  url = {https://link.aps.org/doi/10.1103/PhysRev.136.B864}
}

@article{mermin:dft-temperatures,
  title = {Thermal Properties of the Inhomogeneous Electron Gas},
  author = {Mermin, N. David},
  journal = {Phys. Rev.},
  volume = {137},
  issue = {5A},
  pages = {A1441--A1443},
  numpages = {0},
  year = {1965},
  month = {Mar},
  publisher = {American Physical Society},
  doi = {10.1103/PhysRev.137.A1441},
  url = {https://link.aps.org/doi/10.1103/PhysRev.137.A1441}
}

@article{kohn-sham:dft-kinetic-approximation,
  title = {Self-Consistent Equations Including Exchange and Correlation Effects},
  author = {Kohn, W. and Sham, L. J.},
  journal = {Phys. Rev.},
  volume = {140},
  issue = {4A},
  pages = {A1133--A1138},
  numpages = {0},
  year = {1965},
  month = {Nov},
  publisher = {American Physical Society},
  doi = {10.1103/PhysRev.140.A1133},
  url = {https://link.aps.org/doi/10.1103/PhysRev.140.A1133}
}

@book{Zamalin:book:1977,
    title = {Метод Монте-Карло в статистической термодинамике},
    author = {Замалин, В.М. and Норман, Г.Э. and Филинов, В.С.},
    address = {Москва},
    publisher = {Наука}, 
    year = {1977}
}

@book{Martin:book:2004,
  title={Electronic structure: basic theory and practical methods},
  author={Martin, Richard M and Martin, Richard Milton},
  year={2004},
  publisher={Cambridge university press}
}
